<?xml version="1.0" encoding="UTF-8"?><collection xmlns="http://www.loc.gov/MARC21/slim"><record><leader>00594nam--2200217-u-4500</leader><controlfield tag="001">000052063</controlfield><controlfield tag="002">20161230</controlfield><controlfield tag="005">20170202085253</controlfield><controlfield tag="008">090611s1000------------r-----000-0-eng-d</controlfield><datafield ind1=" " ind2=" " tag="020"><subfield code="a">0-521-80586-4</subfield></datafield><datafield ind1=" " ind2=" " tag="040"><subfield code="a">IFIN-HH</subfield></datafield><datafield ind1=" " ind2=" " tag="080"><subfield code="a">536.765</subfield></datafield><datafield ind1="1" ind2=" " tag="100"><subfield code="a">Belinski,Vladimir</subfield></datafield><datafield ind1="1" ind2="0" tag="245"><subfield code="a">Gravitational Solitons</subfield><subfield code="c">Vladimir Belinski, Enric Verdaguer</subfield></datafield><datafield ind1=" " ind2=" " tag="260"><subfield code="a">Cambridge</subfield><subfield code="b">University Press</subfield><subfield code="c">2001</subfield></datafield><datafield ind1=" " ind2=" " tag="300"><subfield code="a">258 p</subfield></datafield><datafield ind1=" " ind2=" " tag="504"><subfield code="a">Includes Bibliographical References and Index</subfield></datafield><datafield ind1=" " ind2="4" tag="650"><subfield code="a">Solitons</subfield></datafield><datafield ind1="1" ind2=" " tag="700"><subfield code="a">Verdaguer,Enric</subfield></datafield><datafield ind1=" " ind2=" " tag="852"><subfield code="a">81572</subfield><subfield code="c">517.9</subfield></datafield><datafield ind1=" " ind2=" " tag="CAT"><subfield code="a">SYS</subfield><subfield code="c">20170202</subfield><subfield code="h">085253</subfield></datafield></record></collection>